@book{Kuchling07,
	author = {Horst Kuchling},
	title = {Taschenbuch der Physik},
	date = {2007},
	%OPTsubtitle = {subtitle},
	%OPTtitleaddon = {titleaddon},
	%OPTedition = {edition},
	edition = {19},
	location = {Fachbuchverlag Leibzig im Carl Hanser Verlag München},
}


@book{Mende09,
	author = {Dietmar Mende, Günther Simon},
	title = {Physik},
	date = {2009},
	subtitle = {Gleichungen und Tabellen},
	%OPTtitleaddon = {titleaddon},
	%OPTedition = {edition},
	edition = {16},
	location = {Fachbuchverlag Leibzig im Carl Hanser Verlag München},
}

@misc{SciPy,
title = {SciPy},
url = {http://docs.scipy.org/doc/},
month = {12},
year = {2013},
}

@manual{V201,
title = {Versuchsanleitung},
subtitle = {V206 Wärmepumpe} ,
url = {http://129.217.224.2/HOMEPAGE/PHYSIKER/BACHELOR/AP/SKRIPT/V201.pdf},
}

@manual{V203,
title = {Versuchsanleitung},
subtitle = {V203 Verdampfungswärme und Dampfdruck-Kurve},
url = {http://129.217.224.2/HOMEPAGE/PHYSIKER/BACHELOR/AP/SKRIPT/V203.pdf},
}

@manual{V206,
title = {Versuchsanleitung},
subtitle = {V206 Wärmepumpe} ,
url = {http://129.217.224.2/HOMEPAGE/PHYSIKER/BACHELOR/AP/SKRIPT/V206.pdf},
}

@manual{V302,
title = {Versuchsanleitung},
subtitle = {V302 Elektrische Bückenschaltungen} ,
url = {http://129.217.224.2/HOMEPAGE/PHYSIKER/BACHELOR/AP/SKRIPT/V302.pdf},
}

