@book{Kuchling07,
	author = {Horst Kuchling},
	title = {Taschenbuch der Physik},
	date = {2007},
	%OPTsubtitle = {subtitle},
	%OPTtitleaddon = {titleaddon},
	%OPTedition = {edition},
	volume = {19},
	location = {Fachbuchverlag Leibzig im Carl Hanser Verlag MÃ¼nchen},
}

@misc{SciPy,
title = {SciPy},
url = {http://docs.scipy.org/doc/},
}
