@book{Kuchling07,
	author = {},
	title = {title},
	date = {date},
	OPTsubtitle = {subtitle},
	OPTtitleaddon = {titleaddon},
	OPTedition = {edition},
	OPTvolume = {volume},
	OPTlocation = {location},
}

