@book{Kuchling07,
	author = {Horst Kuchling},
	title = {Taschenbuch der Physik},
	date = {2007},
	%OPTsubtitle = {subtitle},
	%OPTtitleaddon = {titleaddon},
	%OPTedition = {edition},
	volume = {19},
	location = {Fachbuchverlag Leibzig im Carl Hanser Verlag München},
}

@misc{SciPy,
title = {SciPy},
url = {http://docs.scipy.org/doc/},
}


@manual{V203,
title = {Versuchsanleitung},
subtitle = {V203 Verdampfungswärme und Dampfdruck-Kurve},
url = {http://129.217.224.2/HOMEPAGE/PHYSIKER/BACHELOR/AP/SKRIPT/V203.pdf},
}

@manual{V206,
title = {Versuchsanleitung},
subtitle = {V206 Wärmepumpe} ,
url = {http://129.217.224.2/HOMEPAGE/PHYSIKER/BACHELOR/AP/SKRIPT/V206.pdf},
}